% Journal club 
@article{adams2010birth,
  title={The birth environment of the Solar System},
  author={Adams, Fred C},
  journal={arXiv preprint arXiv:1001.5444},
  year={2010}
}

% Bachelor articles
@article{monnier2003optical,
  title={Optical interferometry in astronomy},
  author={Monnier, John D},
  journal={Reports on Progress in Physics},
  volume={66},
  number={5},
  pages={789},
  year={2003},
  publisher={IOP Publishing}
}

@article{van1934wahrscheinliche,
  title={Die wahrscheinliche Schwingungs-verteilung in einer von einer Lichtquelle direkt oder mittels einer Linse beleuchteten Ebene},
  author={van Cittert, Pieter Hendrik},
  journal={Physica},
  volume={1},
  number={1},
  pages={201--210},
  year={1934},
  publisher={Elsevier}
}

@article{zernike1938concept,
  title={The concept of degree of coherence and its application to optical problems},
  author={Zernike, Frits},
  journal={Physica},
  volume={5},
  number={8},
  pages={785--795},
  year={1938},
  publisher={Elsevier}
}

@article{johnson2014physical,
  title={The Physical Parameters of the Retired a Star HD 185351},
  author={Johnson, John Asher and Huber, Daniel and Boyajian, Tabetha and Brewer, John M. and White, Timothy R. and von Braun, Kaspar and Maestro, Vicente and Stello, Dennis and Barclay, Thomas},
  journal={The Astrophysical Journal},
  volume={794},
  number={1},
  pages={15},
  year={2014},
  publisher={IOP Publishing}
}

@book{bradt2004astronomy,
  title={Astronomy methods: A physical approach to astronomical observations},
  author={Bradt, Hale},
  year={2004},
  publisher={Cambridge University Press}
} 

@article{charatenBrummelar2005,
  title={First results from the CHARA Array. II. A description of the instrument},
  author={Ten Brummelaar, TA and McAlister, HA and Ridgway, ST and Bagnuolo Jr, WG and Turner, NH and Sturmann, L and Sturmann, J and Berger, DH and Ogden, CE and Cadman, R and others},
  journal={The Astrophysical Journal},
  volume={628},
  number={1},
  pages={453},
  year={2005},
  publisher={IOP Publishing}
}

@online{pavomanual,
author = {Ireland, Michael and Richardson, Noel and Huber, Daniel},
title = {PAVO analysis manual},
year = {2015},
url ={http://pavo.wikispaces.com/analysis-manual},
note = {Last accessed February 14, 2016}
}

@online{pavo2007,
  author={Ireland, Michael},
  title={PAVO@CHARA Early Implementation Plan},
  year={2007},
  url ={http://pavo.wikispaces.com/PAVO-CHARA},
  note = {Last accessed March 2016}
}

@book{universityphysics,
  title={University physics},
  author={Sears, Francis Weston and Zemansky, Mark Waldo and Young, Hugh D},
  year={1972},
  publisher={Addison-Wesley Reading, MA.}
}

@inproceedings{lawson2000principles,
  title={Principles of Long Baseline Stellar Interferometry},
  author={Lawson, Peter R},
  booktitle={Principles of Long Baseline Stellar Interferometry},
  volume={1},
  year={2000}
}

@article{frandsen1995,
  title={CCD photometry of the $\delta$-Scuti star $\kappa^2$ Bootis.},
  author={Frandsen, S and Jones, A and Kjeldsen, H and Viskum, M and Hjorth, J and Andersen, NH and Thomsen, B},
  journal={Astronomy and Astrophysics},
  volume={301},
  pages={123},
  year={1995}
}

@article{kjeldsen1992,
  title={High-precision time-resolved CCD photometry},
  author={Kjeldsen, Hans and Frandsen, Soren},
  journal={Publications of the Astronomical Society of the Pacific},
  pages={413--434},
  year={1992},
  publisher={JSTOR}
}

@article{kjeldsen1994,
   author = {{Kjeldsen}, Hans and {Bedding}, Tim~R.},
    title = "{Amplitudes of stellar oscillations: the implications for asteroseismology.}",
  journal = {\aap},
 keywords = {SUN: OSCILLATIONS, STARS: INDIVIDUAL: $\{$ALPHA$\}$ CEN, STARS: INDIVIDUAL: PROCYON, STARS: OSCILLATIONS, CEPHEIDS, $\{$DELTA$\}$ SCT},
     year = 1995,
    month = jan,
   volume = 293,
   adsurl = {http://adsabs.harvard.edu/abs/1995A%26A...293...87K},
  adsnote = {Provided by the SAO/NASA Astrophysics Data System}
}

@book{aerts2010,
  title={Asteroseismology},
  author={Aerts, Conny and Christensen-Dalsgaard, J{\o}rgen and Kurtz, Donald W},
  year={2010},
  publisher={Springer Science \& Business Media}
}

% Background modelling
@inproceedings{harvey1985,
  title={High-resolution helioseismology},
  author={Harvey, J},
  booktitle={Future Missions in Solar, Heliospheric \& Space Plasma Physics},
  volume={235},
  pages={199--208},
  year={1985}
}

@article{aigrain2002,
   author = {{Aigrain}, Suzanne. and {Gilmore}, G. and {Favata}, F. and {Carpano}, S.
	},
    title = "{The Frequency Content of the VIRGO/SoHO Light Curves: Implications for Planetary Transit Detection from Space}",
booktitle = {Scientific Frontiers in Research on Extrasolar Planets},
     year = 2003,
   series = {Astronomical Society of the Pacific Conference Series},
   volume = 294,
   editor = {{Deming}, D. and {Seager}, S.},
    pages = {441-444},
   adsurl = {http://adsabs.harvard.edu/abs/2003ASPC..294..441A},
  adsnote = {Provided by the SAO/NASA Astrophysics Data System}
}

% Table for stellar parameters for HD181096
@article{prugniel2011atmospheric,
  title={The atmospheric parameters and spectral interpolator for the MILES stars},
  author={Prugniel, Ph and Vauglin, Isabelle and Koleva, Mina},
  journal={Astronomy \& Astrophysics},
  volume={531},
  pages={A165},
  year={2011},
  publisher={EDP Sciences}
}

@book{christensen2008lecture,
  title={Lecture notes on stellar structure and evolution},
  author={Christensen-Dalsgaard, J{\o}rgen},
  year={2008},
  publisher={Aarhus Universitet. Institute for Fysik og Astronomi}
}

@phdthesis{timthesis,
  author       = {White, Timothy R.}, 
  title        = {Asteroseismology of Sun-Like Stars with Kepler},
  school       = {The University of Sydney and
  Australian Astronomical Observatory},
  year         = 2014,
}

@phdthesis{huberthesis,
  author       = {Daniel Huber}, 
  title        = {Asteroseismology and Interferometry of Cool Stars},
  school       = {The University of Sydney},
  year         = 2011,
}

@article{hipparcos,
  title={The HIPPARCOS catalogue},
  author={Perryman, Michael AC and Lindegren, L and Kovalevsky, J and Hoeg, E and Bastian, U and Bernacca, PL and Cr{\'e}z{\'e}, M and Donati, F and Grenon, M and Grewing, M and others},
  journal={Astronomy and Astrophysics},
  volume={323},
  pages={L49--L52},
  year={1997}
}

@ARTICLE{hipparcos2,
   author = {{van Leeuwen}, F.},
    title = "{Validation of the new Hipparcos reduction}",
  journal = {\aap},
 keywords = {space vehicles: instruments, methods: data analysis, catalogs, astrometry, instrumentation: miscellaneous},
     year = 2007,
    month = nov,
   volume = 474,
    pages = {653-664},
      doi = {10.1051/0004-6361:20078357},
   adsurl = {http://adsabs.harvard.edu/abs/2007A%26A...474..653V},
  adsnote = {Provided by the SAO/NASA Astrophysics Data System}
}


@ARTICLE{huber2011,
   author = {{Huber}, D. and {Bedding}, T.~R. and {Stello}, D. and {Hekker}, S. and 
	{Mathur}, S. and {Mosser}, B. and {Verner}, G.~A. and {Bonanno}, A. and 
	{Buzasi}, D.~L. and {Campante}, T.~L. and {Elsworth}, Y.~P. and 
	{Hale}, S.~J. and {Kallinger}, T. and {Silva Aguirre}, V. and 
	{Chaplin}, W.~J. and {De Ridder}, J. and {Garc{\'{\i}}a}, R.~A. and 
	{Appourchaux}, T. and {Frandsen}, S. and {Houdek}, G. and {Molenda-{\.Z}akowicz}, J. and 
	{Monteiro}, M.~J.~P.~F.~G. and {Christensen-Dalsgaard}, J. and 
	{Gilliland}, R.~L. and {Kawaler}, S.~D. and {Kjeldsen}, H. and 
	{Broomhall}, A.~M. and {Corsaro}, E. and {Salabert}, D. and 
	{Sanderfer}, D.~T. and {Seader}, S.~E. and {Smith}, J.~C.},
    title = "{Testing Scaling Relations for Solar-like Oscillations from the Main Sequence to Red Giants Using Kepler Data}",
  journal = {\apj},
 primaryClass = "astro-ph.SR",
 keywords = {stars: late-type, stars: oscillations, techniques: photometric},
     year = 2011,
    month = dec,
   volume = 743,
    pages = {143},
      doi = {10.1088/0004-637X/743/2/143},
   adsurl = {http://adsabs.harvard.edu/abs/2011ApJ...743..143H},
  adsnote = {Provided by the SAO/NASA Astrophysics Data System}
}


@article{simbad,
  title={The SIMBAD astronomical database},
  author={Wenger, Marc and Ochsenbein, Fran{\c{c}}ois and Egret, Daniel and Dubois, Pascal and Bonnarel, Fran{\c{c}}ois and Borde, Suzanne and Genova, Fran{\c{c}}oise and Jasniewicz, G{\'e}rard and Lalo{\"e}, Suzanne and Lesteven, Soizick and others},
  journal={Astronomy and Astrophysics Supplement Series},
  volume={143},
  number={1},
  pages={9--22},
  year={2000},
  publisher={EDP Sciences}
}

@article{kervella2004,
  title={The angular sizes of dwarf stars and subgiants},
  author={Kervella, P and Th{\'e}venin, F and Di Folco, E and S{\'e}gransan, D},
  journal={Astronomy \& Astrophysics},
  volume={426},
  number={1},
  pages={297--307},
  year={2004},
  publisher={EDP Sciences}
}

@article{boyajian2014,
  title={Stellar diameters and temperatures. IV. Predicting stellar angular diameters},
  author={Boyajian, Tabetha S and Van Belle, Gerard and Von Braun, Kaspar},
  journal={The Astronomical Journal},
  volume={147},
  number={3},
  pages={47},
  year={2014},
  publisher={IOP Publishing}
}

@article{huber2009,
   author = {{Huber}, Daniel and {Stello}, Dennis and {Bedding}, Tim~R. and {Chaplin}, W.~J. and 
	{Arentoft}, T. and {Quirion}, P.-O. and {Kjeldsen}, H.},
    title = "{Automated extraction of oscillation parameters for Kepler observations of solar-type stars}",
  journal = {Communications in Asteroseismology},
 primaryClass = "astro-ph.SR",
     year = 2009,
    month = oct,
   volume = 160,
    pages = {74},
   adsurl = {http://adsabs.harvard.edu/abs/2009CoAst.160...74H},
  adsnote = {Provided by the SAO/NASA Astrophysics Data System}
}


% Method for finding limb-darkening coefficient
@unpublished{white2016ldc,
  title={Interferometric measurement of the angular diameter and limb darkening of the exoplanet host star $\nu$ Andromedae},
  author={White, Timothy R. and Huber, D. and Ireland, M. J. and Tuthill, P. G. and Bedding, T. R. and ten Brummelaar, T. A. and
  Farrington, C. D. and McAlister, H. A. and Schaefer, G. H. and Sturmann, J. and Sturmann, L. and N. H. Turner},
  note={Submitted to \aap},
  year={2016}
  }
  
@article{claret2011,
  title={Gravity and limb-darkening coefficients for the Kepler, CoRoT, Spitzer, uvby, UBVRIJHK, and Sloan photometric systems},
  author={Claret, A and Bloemen, Steven},
  journal={Astronomy \& Astrophysics},
  volume={529},
  pages={A75},
  year={2011},
  publisher={EDP Sciences}
}

@article{claret2013,
  title={New limb-darkening coefficients for Phoenix/1d model atmospheres-II. Calculations for $\SI{5000}{\kelvin} \leq \teff \leq \SI{10000}{\kelvin}$ Kepler, CoRot, Spitzer, uvby, UBVRIJHK, Sloan, and 2MASS photometric systems},
  author={Claret, A and Hauschildt, PH and Witte, S},
  journal={Astronomy \& Astrophysics},
  volume={552},
  pages={A16},
  year={2013},
  publisher={EDP Sciences}
}

@article{magic2014,
   author = {{Magic}, Z. and {Chiavassa}, A. and {Collet}, R. and {Asplund}, M.
	},
    title = "{The Stagger-grid: A grid of 3D stellar atmosphere models. IV. Limb darkening coefficients}",
  journal = {\aap},
 primaryClass = "astro-ph.SR",
 keywords = {convection, hydrodynamics, radiative transfer, stars: atmospheres, binaries: eclipsing, planetary systems},
     year = 2015,
    month = jan,
   volume = 573,
    pages = {A90},
      doi = {10.1051/0004-6361/201423804},
   adsurl = {http://adsabs.harvard.edu/abs/2015A%26A...573A..90M},
  adsnote = {Provided by the SAO/NASA Astrophysics Data System}
}

% Kepler
@article{borucki2008,
  title={{\kepler}: search for Earth-size planets in the habitable zone},
  author={Borucki, William and Koch, David and Batalha, Natalie and Caldwell, Douglas and Christensen-Dalsgaard, Jorgen and Cochran, William D and Dunham, Edward and Gautier, Thomas N and Geary, John and Gilliland, Ronald and others},
  journal={Proceedings of the International Astronomical Union},
  volume={4},
  number={S253},
  pages={289--299},
  year={2008},
  publisher={Cambridge Univ Press}
}

@article{howell2014,
  title={The K2 mission: Characterization and early results},
  author={Howell, Steve B and Sobeck, Charlie and Haas, Michael and Still, Martin and Barclay, Thomas and Mullally, Fergal and Troeltzsch, John and Aigrain, Suzanne and Bryson, Stephen T and Caldwell, Doug and others},
  journal={Publications of the Astronomical Society of the Pacific},
  volume={126},
  number={938},
  pages={398},
  year={2014},
  publisher={IOP Publishing}
}

@online{keplersmear,
	author = {{NASA Ames Research Center} },
	title = {Global Erratum for \kepler Q0-Q17 \& K2 C0-C5},
	year = {2016},
	url = {http://keplerscience.arc.nasa.gov/problem-with-kepler-and-k2-short-cadence-pixel-calibration.html},
	note = {Last accessed March 24, 2016}
}

@phdthesis{karoff2008,
  title={Observational asteroseismology},
  author={Karoff, Christoffer},
  year={2008},
  school={Department of Physics and Astronomy, Aarhus University}
}

@article{kjeldsen2011,
   author = {{Kjeldsen}, Hans and {Bedding}, Tim~R.},
    title = "{Amplitudes of solar-like oscillations: a new scaling relation}",
  journal = {\aap},
 primaryClass = "astro-ph.SR",
 keywords = {asteroseismology, stars: oscillations, stars: general},
     year = 2011,
    month = may,
   volume = 529,
    pages = {L8},
      doi = {10.1051/0004-6361/201116789},
   adsurl = {http://adsabs.harvard.edu/abs/2011A%26A...529L...8K},
  adsnote = {Provided by the SAO/NASA Astrophysics Data System}
}

% Front page
@article{mass,
  title={The Two Micron All Sky Survey (2MASS)},
  author={Skrutskie, MF and Cutri, RM and Stiening, R and Weinberg, MD and Schneider, S and Carpenter, JM and Beichman, C and Capps, R and Chester, T and Elias, J and others},
  journal={The Astronomical Journal},
  volume={131},
  number={2},
  pages={1163},
  year={2006},
  publisher={IOP Publishing}
}

@inproceedings{aladin,
  title={Aladin Lite: Embed your Sky in the Browser},
  author={Boch, T and Fernique, P},
  booktitle={Astronomical Data Analysis Software and Systems XXIII},
  volume={485},
  pages={277},
  year={2014}
}

% Uncertainty
@booklet{lecturenotesoscillations,
  title={Lecture notes on stellar oscillations},
  author={Christensen-Dalsgaard, J{\o}rgen},
  year={1997},
  publisher={Citeseer}
}

@article{hanbury1974effects,
  title={The effects of limb darkening on measurements of angular size with an intensity interferometer},
  author={Hanbury Brown, R and Davis, J and Lake, RJW and Thompson, RJz},
  journal={Monthly Notices of the Royal Astronomical Society},
  volume={167},
  pages={475--484},
  year={1974}
}

@article{chaplin2013asteroseismology,
   author = {{Chaplin}, W.~J. and {Miglio}, A.},
    title = "{Asteroseismology of Solar-Type and Red-Giant Stars}",
  journal = {\araa},
 primaryClass = "astro-ph.SR",
     year = 2013,
    month = aug,
   volume = 51,
    pages = {353-392},
      doi = {10.1146/annurev-astro-082812-140938},
   adsurl = {http://adsabs.harvard.edu/abs/2013ARA%26A..51..353C},
  adsnote = {Provided by the SAO/NASA Astrophysics Data System}
}

% fbol
@article{casagrande2011,
  title={New constraints on the chemical evolution of the solar neighbourhood and Galactic disc(s)},
  author={Casagrande, Luca and Schoenrich, Ralph and Asplund, Martin and Cassisi, Santi and Ramirez, Ivan and Melendez, Jorge and Bensby, Thomas and Feltzing, Sofia},
  journal={Astronomy \& Astrophysics},
  volume={530},
  pages={A138},
  year={2011},
  publisher={EDP Sciences}
}

% scaling relation between delta nu and density
@article{ulrich1986,
  title={Determination of stellar ages from asteroseismology},
  author={Ulrich, RK},
  journal={The Astrophysical Journal},
  volume={306},
  pages={L37--L40},
  year={1986}
}

@online{linedepth,
  author={Richmond, Michael},
  title={Limb darkening},
  year={2015},
  url ={http://spiff.rit.edu/classes/phys440/lectures/limb/limb.html},
  note = {Last accessed March 30, 2016}
}


@article{white2011calculating,
  title={Calculating asteroseismic diagrams for solar-like oscillations},
  author={White, Timothy R. and Bedding, Timothy R. and Stello, Dennis and Christensen-Dalsgaard, J{\o}rgen and Huber, Daniel and Kjeldsen, Hans},
  journal={The Astrophysical Journal},
  volume={743},
  number={2},
  pages={161},
  year={2011},
  publisher={IOP Publishing}
}

% Effective temperature of the Sun
@book{cox2015allen,
  title={Allen's astrophysical quantities},
  author={Cox, Arthur N},
  year={2015},
  publisher={Springer}
}

@article{brown,
  title={Detection of possible p-mode oscillations on Procyon},
  author={Brown, Timothy M and Gilliland, Ronald L and Noyes, Robert W and Ramsey, Lawrence W},
  journal={The Astrophysical Journal},
  volume={368},
  pages={599--609},
  year={1991}
}

@article{arentoft2008multisite,
  title={A multisite campaign to measure solar-like oscillations in Procyon. I. Observations, data reduction, and slow variations},
  author={Arentoft, Torben and Kjeldsen, Hans and Bedding, Timothy R and Bazot, Micha{\"e}l and Christensen-Dalsgaard, J{\o}rgen and Dall, Thomas H and Karoff, Christoffer and Carrier, Fabien and Eggenberger, Patrick and Sosnowska, Danuta and others},
  journal={The Astrophysical Journal},
  volume={687},
  number={2},
  pages={1180},
  year={2008},
  publisher={IOP Publishing}
}

% Where has HD 181096 been used before?
@article{schiller1988photometric,
  title={Photometric and spectroscopic analysis of the eclipsing binary DS Andromedae},
  author={Schiller, SJ and Milone, EF},
  journal={The Astronomical Journal},
  volume={95},
  pages={1466--1477},
  year={1988}
}



@article{ferrero2004magnetic,
  title={Magnetic activity in HD 111456, a young F5--6 main-sequence star},
  author={Ferrero, R Freire and Frasca, A and Marilli, E and Catalano, S},
  journal={Astronomy \& Astrophysics},
  volume={413},
  number={2},
  pages={657--667},
  year={2004},
  publisher={EDP Sciences}
}


@ARTICLE{johnson2014,
   author = {{Johnson}, J.~A. and {Huber}, D. and {Boyajian}, T. and {Brewer}, J.~M. and 
	{White}, T.~R. and {von Braun}, K. and {Maestro}, V. and {Stello}, D. and 
	{Barclay}, T.},
    title = "{The Physical Parameters of the Retired a Star HD 185351}",
  journal = {\apj},
 primaryClass = "astro-ph.SR",
 keywords = {stars: abundances, stars: individual: HD 185351, stars: interiors, stars: oscillations},
     year = 2014,
    month = oct,
   volume = 794,
    pages = {15},
      doi = {10.1088/0004-637X/794/1/15},
   adsurl = {http://adsabs.harvard.edu/abs/2014ApJ...794...15J},
  adsnote = {Provided by the SAO/NASA Astrophysics Data System}
}

@incollection{hinich1980determination,
  title={Determination of the Nyquist frequency for unequally spaced data},
  author={Hinich, Melvin J and Weber, Warren E},
  booktitle={ONR Tech. Report No. 19},
  year={1980},
  publisher={Economics Dept., Virginia Tech New York}
}

@article{mesogranulation,
  title={The detection of mesogranulation on the sun},
  author={November, LJ and Toomre, J and Gebbie, KB and Simon, GW},
  journal={The Astrophysical Journal},
  volume={245},
  pages={L123--L126},
  year={1981}
}

@article{supergranulation,
  title={Velocity Fields in the Solar Atmosphere. I. Preliminary Report.},
  author={Leighton, Robert B and Noyes, Robert W and Simon, George W},
  journal={The Astrophysical Journal},
  volume={135},
  pages={474},
  year={1962}
}

@article{cenarro2007medium,
  title={Medium-resolution Isaac Newton Telescope library of empirical spectra -- II. The stellar atmospheric parameters},
  author={Cenarro, AJ and Peletier, RF and S{\'a}nchez--Bl{\'a}zquez, P and Selam, SO and Toloba, E and Cardiel, N and Falc{\'o}n--Barroso, J and Gorgas, J and Jim{\'e}nez-Vicente, J and Vazdekis, A},
  journal={Monthly Notices of the Royal Astronomical Society},
  volume={374},
  number={2},
  pages={664--690},
  year={2007},
  publisher={Oxford University Press}
}

@INPROCEEDINGS{maestro2012,
   author = {{Maestro}, V. and {Kok}, Y. and {Huber}, D. and {Ireland}, M.~J. and 
	{Tuthill}, P.~G. and {White}, T. and {Schaefer}, G. and {ten Brummelaar}, T.~A. and 
	{McAlister}, H.~A. and {Turner}, N. and {Farrington}, C.~D. and 
	{Goldfinger}, P.~J.},
    title = "{Imaging rapid rotators with the PAVO beam combiner at CHARA}",
booktitle = {Optical and Infrared Interferometry III},
     year = 2012,
   volume = 8445,
    month = jul,
    pages = {84450G},
      doi = {10.1117/12.926881},
   adsurl = {http://adsabs.harvard.edu/abs/2012SPIE.8445E..0GM},
  adsnote = {Provided by the SAO/NASA Astrophysics Data System}
}



@ARTICLE{bazot2011,
   author = {{Bazot}, M. and {Ireland}, M.~J. and {Huber}, D. and {Bedding}, T.~R. and 
	{Broomhall}, A.-M. and {Campante}, T.~L. and {Carfantan}, H. and 
	{Chaplin}, W.~J. and {Elsworth}, Y. and {Mel{\'e}ndez}, J. and 
	{Petit}, P. and {Th{\'e}ado}, S. and {Van Grootel}, V. and {Arentoft}, T. and 
	{Asplund}, M. and {Castro}, M. and {Christensen-Dalsgaard}, J. and 
	{Do Nascimento}, J.~D. and {Dintrans}, B. and {Dumusque}, X. and 
	{Kjeldsen}, H. and {McAlister}, H.~A. and {Metcalfe}, T.~S. and 
	{Monteiro}, M.~J.~P.~F.~G. and {Santos}, N.~C. and {Sousa}, S. and 
	{Sturmann}, J. and {Sturmann}, L. and {ten Brummelaar}, T.~A. and 
	{Turner}, N. and {Vauclair}, S.},
    title = "{The radius and mass of the close solar twin 18 Scorpii derived from asteroseismology and interferometry}",
  journal = {\aap},
 primaryClass = "astro-ph.SR",
 keywords = {stars: individual: 18 Sco, stars: oscillations, techniques:, radial velocities, techniques:, interferometric, methods: data analysis},
     year = 2011,
    month = feb,
   volume = 526,
    pages = {L4},
      doi = {10.1051/0004-6361/201015679},
   adsurl = {http://adsabs.harvard.edu/abs/2011A%26A...526L...4B},
  adsnote = {Provided by the SAO/NASA Astrophysics Data System}
}

@ARTICLE{huber2012,
   author = {{Huber}, D. and {Ireland}, M.~J. and {Bedding}, T.~R. and {Brand{\~a}o}, I.~M. and 
	{Piau}, L. and {Maestro}, V. and {White}, T.~R. and {Bruntt}, H. and 
	{Casagrande}, L. and {Molenda-{\.Z}akowicz}, J. and {Silva Aguirre}, V. and 
	{Sousa}, S.~G. and {Barclay}, T. and {Burke}, C.~J. and {Chaplin}, W.~J. and 
	{Christensen-Dalsgaard}, J. and {Cunha}, M.~S. and {De Ridder}, J. and 
	{Farrington}, C.~D. and {Frasca}, A. and {Garc{\'{\i}}a}, R.~A. and 
	{Gilliland}, R.~L. and {Goldfinger}, P.~J. and {Hekker}, S. and 
	{Kawaler}, S.~D. and {Kjeldsen}, H. and {McAlister}, H.~A. and 
	{Metcalfe}, T.~S. and {Miglio}, A. and {Monteiro}, M.~J.~P.~F.~G. and 
	{Pinsonneault}, M.~H. and {Schaefer}, G.~H. and {Stello}, D. and 
	{Stumpe}, M.~C. and {Sturmann}, J. and {Sturmann}, L. and {ten Brummelaar}, T.~A. and 
	{Thompson}, M.~J. and {Turner}, N. and {Uytterhoeven}, K.},
    title = "{Fundamental Properties of Stars Using Asteroseismology from Kepler and CoRoT and Interferometry from the CHARA Array}",
  journal = {\apj},
 primaryClass = "astro-ph.SR",
 keywords = {stars: late-type, stars: oscillations: including pulsations, techniques: interferometric, techniques: photometric},
     year = 2012,
    month = nov,
   volume = 760,
    pages = {32},
      doi = {10.1088/0004-637X/760/1/32},
   adsurl = {http://adsabs.harvard.edu/abs/2012ApJ...760...32H},
  adsnote = {Provided by the SAO/NASA Astrophysics Data System}
}

